<record><leader>00000cas a2200000 a 4500</leader><controlfield tag="001">11671390</controlfield><controlfield tag="008">850208d18851885ksuwr ne      0   a0eng d</controlfield><datafield ind1=" " ind2=" " tag="010"><subfield code="a">sn 85030857 </subfield></datafield><datafield ind1=" " ind2=" " tag="040"><subfield code="a">KSH</subfield><subfield code="b">eng</subfield><subfield code="c">KSH</subfield><subfield code="d">NPT</subfield><subfield code="d">OCL</subfield><subfield code="d">OCLCQ</subfield></datafield><datafield ind1=" " ind2=" " tag="042"><subfield code="a">msc</subfield></datafield><datafield ind1="0" ind2="4" tag="245"><subfield code="a">The Cowland chieftain.</subfield></datafield><datafield ind1=" " ind2=" " tag="260"><subfield code="a">Cowland, Kan. :</subfield><subfield code="b">W.D. Pratt,</subfield><subfield code="c">1885-</subfield></datafield><datafield ind1=" " ind2=" " tag="300"><subfield code="a">v. ;</subfield><subfield code="c">51-59 cm.</subfield></datafield><datafield ind1=" " ind2=" " tag="310"><subfield code="a">Weekly</subfield></datafield><datafield ind1="0" ind2=" " tag="362"><subfield code="a">Vol. 1, no. 1 (Apr. 30, 1885)-</subfield></datafield><datafield ind1="1" ind2=" " tag="362"><subfield code="a">Ceased in 1885?</subfield></datafield><datafield ind1=" " ind2=" " tag="752"><subfield code="a">United States</subfield><subfield code="b">Kansas</subfield><subfield code="c">Hodgeman</subfield><subfield code="d">Cowland.</subfield></datafield><datafield ind1="0" ind2="0" tag="785"><subfield code="t">Ravanna County chieftain</subfield><subfield code="w">(DLC)sn 84029756</subfield></datafield></record>